%-------------------------------------------------------------------------------

% This file is part of Code_Saturne, a general-purpose CFD tool.
%
% Copyright (C) 1998-2013 EDF S.A.
%
% This program is free software; you can redistribute it and/or modify it under
% the terms of the GNU General Public License as published by the Free Software
% Foundation; either version 2 of the License, or (at your option) any later
% version.
%
% This program is distributed in the hope that it will be useful, but WITHOUT
% ANY WARRANTY; without even the implied warranty of MERCHANTABILITY or FITNESS
% FOR A PARTICULAR PURPOSE.  See the GNU General Public License for more
% details.
%
% You should have received a copy of the GNU General Public License along with
% this program; if not, write to the Free Software Foundation, Inc., 51 Franklin
% Street, Fifth Floor, Boston, MA 02110-1301, USA.

%-------------------------------------------------------------------------------

@Article{Archambeau:2004,
title = {\CS: a Finite Volume Code for the Computation of Turbulent
Incompressible Flows},
author = {Archambeau, F. and M\'{e}chitoua, N. and Sakiz, M.},
journal = {Industrial Applications, International Journal on Finite},
year = {2004},
volume ={1},
pages = {}
}

@Misc{Theussl:1998,
title = {A Review of Two Simple Polygon Triangulation Algorithms},
author = {Theu{\ss}l, T.},
howpublished = {\url{http://www.cg.tuwien.ac.at/~theussl/}},
year = {1998}
}

@Article{Toussaint:1991,
title = {Efficient Triangulation of Simple Polygons},
author = {Toussaint, G. T.},
journal = {The Visual Computer},
year = {1991},
volume ={7},
pages = {280-295}
}

@Article{ElGindyEverettToussaint:1993,
title = {Slicing an Ear Using Prune and Search},
author = {ElGindy, H. and Everett, H. and Toussaint, G. T.},
journal = {Pattern Recognition Letters},
year = {1993},
volume ={14},
pages = {719-722}
}

@Misc{Shewchuck:1999,
title = {Lecture Notes on Delaunay Mesh Generation},
author = {Shewchuk, J. R.},
institution = {Department of Electrical Engineering and Computer Science, University of California at Berkeley},
howpublished = {\url{http://www.cs.berkeley.edu/~jrs/meshf99/}},
year = {1999}
}

@InBook{BernEppstein:1995,
title = {Mesh Generation and Optimal Triangulation},
author = {Bern, M. and Eppstein, D.},
eprint = {Computing in Euclidean Geometry},
edition = {2nd},
editor = {Du D.-Z. and Hwang F.K.},
publisher = {World Scientific},
howpublished = {\url{http://www.ics.uci.edu/~eppstein/pubs/geom-tri.html}},
year = {1995},
pages = {47-123},
note = {Tech. Rep. CSL-92-1, Xerox PARC, 1992.}
}

% Examples 
@InProceedings{Toto:2000b,
author = {Toto, T.},
title = {Title},
booktitle = {Toto's Conference},
year = {2000}
}
@PhDThesis{Toto:2000c,
title = {Title},
author = {Toto, T},
school = {Toto's University},
year = {2000}
}
@book{Toto:2000d,
author = {Toto, T},
title = {Toto's life},
year = {2000},
publisher= {Toto's compagny}
}

